<?xml version="1.0" encoding="UTF-8"?>
<collection xmlns:xsi="http://www.w3.org/2001/XMLSchema-instance" xsi:schemaLocation="http://www.loc.gov/MARC21/slim http://www.loc.gov/standards/marcxml/schema/MARC21slim.xsd" xmlns="http://www.loc.gov/MARC21/slim">
<record>
  <leader>01012cam a22002651  4500</leader>
  <controlfield tag="001">2757148</controlfield>
  <controlfield tag="003">NNC</controlfield>
  <controlfield tag="005">20160623143804.0</controlfield>
  <controlfield tag="008">861208s1966    iq b          000 0 ara d</controlfield>
  <datafield tag="035" ind1=" " ind2=" ">
    <subfield code="a">(OCoLC)ocm14936839</subfield>
  </datafield>
  <datafield tag="035" ind1=" " ind2=" ">
    <subfield code="9">ARM2836CU</subfield>
  </datafield>
  <datafield tag="035" ind1=" " ind2=" ">
    <subfield code="a">(NNC)2757148</subfield>
  </datafield>
  <datafield tag="040" ind1=" " ind2=" ">
    <subfield code="a">WAU</subfield>
    <subfield code="c">WAU</subfield>
    <subfield code="d">ZCU</subfield>
  </datafield>
  <datafield tag="090" ind1=" " ind2=" ">
    <subfield code="a">DS70.96.I55</subfield>
    <subfield code="b">D3</subfield>
  </datafield>
  <datafield tag="100" ind1="1" ind2=" ">
    <subfield code="a">Ḍābiṭ, Shākir Ṣābir.</subfield>
  </datafield>
  <datafield tag="245" ind1="1" ind2="3">
    <subfield code="a">al-ʻAlāqāt al-dawlīyah wa-muʻāhadāt al-ḥudūd bayna al-ʻIraq wa-Īrān,</subfield>
    <subfield code="c">taʾlīf Shākir Ṣābir al-Ḍābit.</subfield>
  </datafield>
  <datafield tag="260" ind1=" " ind2=" ">
    <subfield code="a">Baghdād :</subfield>
    <subfield code="b">Dār al-Baṣrī,</subfield>
    <subfield code="c">1966.</subfield>
  </datafield>
  <datafield tag="300" ind1=" " ind2=" ">
    <subfield code="a">280, 4 p.</subfield>
    <subfield code="b">map.</subfield>
  </datafield>
  <datafield tag="500" ind1=" " ind2=" ">
    <subfield code="a">Cover title: International relations and boundary treatises [sic] between Iraq and Iran, by Shakir Sabir al-Dhabit.</subfield>
  </datafield>
  <datafield tag="500" ind1=" " ind2=" ">
    <subfield code="a">"al-Taʻlīqāt wa-al-ḥawāshī wa-al-maṣādir": p. 269-279.</subfield>
  </datafield>
  <datafield tag="651" ind1=" " ind2="0">
    <subfield code="a">Iraq</subfield>
    <subfield code="x">Boundaries</subfield>
    <subfield code="z">Iran.</subfield>
  </datafield>
  <datafield tag="651" ind1=" " ind2="0">
    <subfield code="a">Iran</subfield>
    <subfield code="x">Boundaries</subfield>
    <subfield code="z">Iraq.</subfield>
  </datafield>
  <datafield tag="651" ind1=" " ind2="0">
    <subfield code="a">Iraq</subfield>
    <subfield code="x">Foreign relations</subfield>
    <subfield code="v">Treaties.</subfield>
  </datafield>
  <datafield tag="651" ind1=" " ind2="0">
    <subfield code="a">Iran</subfield>
    <subfield code="x">Foreign relations</subfield>
    <subfield code="v">Treaties.</subfield>
  </datafield>
  <datafield tag="955" ind1=" " ind2=" ">
    <subfield code="b">CU58114556</subfield>
    <subfield code="d">off,leh</subfield>
    <subfield code="e">DS70.96.I55 D3</subfield>
  </datafield>
</record>
</collection>